@article{arneson2010monte,
      title={"Monte carlo tree search in hex"},
        author={Arneson, Broderick and Hayward, Ryan B and Henderson, Philip},
          journal={IEEE Transactions on Computational Intelligence and AI in Games},
            volume={2},
              number={4},
                pages={251--258},
                  year={2010},
                    publisher={IEEE}
}
@article{gelly2011monte,
      title={"Monte-Carlo tree search and rapid action value estimation in computer Go"},
        author={Gelly, Sylvain and Silver, David},
          journal={Artificial Intelligence},
            volume={175},
              number={11},
                pages={1856--1875},
                  year={2011},
                    publisher={Elsevier}
}
@article{browne2012survey,
      title={"A survey of monte carlo tree search methods"},
        author={Browne, Cameron B and Powley, Edward and Whitehouse, Daniel and Lucas, Simon M and Cowling, Peter I and Rohlfshagen, Philipp and Tavener, Stephen and Perez, Diego and Samothrakis, Spyridon and Colton, Simon},
          journal={IEEE Transactions on Computational Intelligence and AI in Games},
            volume={4},
              number={1},
                pages={1--43},
                  year={2012},
                    publisher={IEEE}
}
@article{gardener1959hex,
      title={"Hexaflexagons and other Mathematical Diversions - The First Scientific American Book of Puzzles and Games"},
        author={Gardener, Martin},
          pages={73--75},
            year={1959},
              publisher={The University of Chicago Press}
}
@inproceedings{chaslot2008parallel,
  title={"Parallel monte-carlo tree search"},
  author={Chaslot, Guillaume MJ-B and Winands, Mark HM and van Den Herik, H Jaap},
  booktitle={International Conference on Computers and Games},
  pages={60--71},
  year={2008},
  organization={Springer}
}
@article{chaslot2008progressive,
  title={Progressive strategies for Monte-Carlo tree search},
  author={Chaslot, Guillaume M JB and Winands, Mark HM and HERIK, H JAAP VAN DEN and Uiterwijk, Jos WHM and Bouzy, Bruno},
  journal={New Mathematics and Natural Computation},
  volume={4},
  number={03},
  pages={343--357},
  year={2008},
  publisher={World Scientific}
}
@article{sironicomparison,
  title={Comparison of Rapid Action Value Estimation Variants for General Game Playing},
  author={Sironi, Chiara F and Winands, Mark HM}
}

@article{gelly2011monte,
  title={Monte-Carlo tree search and rapid action value estimation in computer Go},
  author={Gelly, Sylvain and Silver, David},
  journal={Artificial Intelligence},
  volume={175},
  number={11},
  pages={1856--1875},
  year={2011},
  publisher={Elsevier}
}
@article{russell1995modern,
  title={A modern approach},
  author={Russell, Stuart and Norvig, Peter and Intelligence, Artificial},
  journal={Artificial Intelligence. Prentice-Hall, Egnlewood Cliffs},
  volume={25},
  pages={27},
  year={1995},
  publisher={Citeseer}
}
@article{anshelevich2002hierarchical,
  title={A hierarchical approach to computer Hex},
  author={Anshelevich, Vadim V},
  journal={Artificial Intelligence},
  volume={134},
  number={1-2},
  pages={101--120},
  year={2002},
  publisher={Elsevier}
}
@article{auer2002using,
  title={Using confidence bounds for exploitation-exploration trade-offs},
  author={Auer, Peter},
  journal={Journal of Machine Learning Research},
  volume={3},
  number={Nov},
  pages={397--422},
  year={2002}
}
@article{chalup2005machine,
  title={The machine intelligence Hex project},
  author={Chalup, Stephan K and Mellor, Drew and Rosamond, Fran},
  journal={Computer Science Education},
  volume={15},
  number={4},
  pages={245--273},
  year={2005},
  publisher={Taylor \& Francis}
}
